
@article{buhzua,
    author    = "R. Sen and A. Bhattacharjee and P. Gutlich and Y. Miyashita and K. Okamoto and S. Koner",
    journal   = "Inorg. Chim. Acta",
    volume   = "4663",
    pages    = "362",
    year      = "2009",
}

@article{cerduy,
    author    = "J. L. Manson and A. M. Arif and C. D. Incarvito and L. M. Liable-Sands and A. L. Rheingold and J. S. Miller",
    journal   = "J. Solid State Chem.",
    volume   = "145",
    pages    = "369",
    year      = "1999",
}

@article{emimuj,
    author    = "K. S. Banu and S. Mondal and A. Guha and S. Das and T. Chattopadhyay and E. Suresh and E. Zangrando and D. Das",
    journal   = "Polyhedron",
    volume   = "30",
    pages    = "163",
    year      = "2011",
}


@article{hetree,
    author    = "M. Biswas and G. M. Rosair and G. Pilet and S. Mitra",
    journal   = "Inorg. Chim. Acta",
    volume   = "360",
    pages    = "695",
    year      = "2007",
}

@article{ipefak,
    author    = "Wen Dong and Qing-Lun Wang and Zhan-Quan Liu and Dai-Zheng Liao and Zong-Hui Jiang and Shi-Ping Yan and Peng Cheng",
    journal   = "Polyhedron",
    volume   = "22",
    pages    = "3315",
    year      = "2003",
}

@article{keqwim,
    author    = "G. A. van Albada and M. E. Quiroz-Castro and I. Mutikainen and U. Turpeinen and J. Reedijk",
    journal   = "Inorg. Chim. Acta",
    volume   = "298",
    pages    = "221",
    year      = "2000",
}



@article{kuhxiv01,
    author    = "R. Sen and A. Bhattacharjee and P. Gutlich and Y. Miyashita and K. Okamoto and S. Koner",
    journal   = "Inorg. Chim. Acta",
    volume   = "362",
    pages    = "4663",
    year      = "2009",
}

@article{lapgal,
    author    = "Miao Du and Xiao-Jun Zhao and S. R. Batten and J. Ribas",
    journal   = "Cryst. Growth Des.",
    volume  = "5",
    pages    = "901",
    year      = "2005",
}

@article{nodjat,
    author    = "P. Chakraborty and S. Mondal and S. Das and A. D. Jana and D. Das",
    journal   = "Polyhedron",
    volume   = "70",
    pages    = "11",
    year      = "2014",
}

@article{RamosLima20033379,
author = "F.J. Ramos-Lima and A.G. Quiroga and Jose M. Perez and Carmen Navarro-Ranninger",
journal = "Polyhedron ",
volume = "22",
number = "25–26",
pages = "3379 - 3381",
year = "2003",
}

@article{Stamatatos20061737,
author = "T. C. Stamatatos and D. Foguet-Albiol and S. P. Perlepes and C. P. Raptopoulou and A. Terzis and C. S. Patrickios and G. Christou and A. J. Tasiopoulos",
journal = "Polyhedron ",
volume = "25",
number = "8",
pages = "1737 - 1746",
year = "2006",
}

@Article{Ucar2009,

author="U{\c{c}}ar, {\.{I}}brahim
and Bulut, {\.{I}}clal
and Bulut, Ahmet
and Karada{\u{g}}, Ahmet",

journal="Structural Chemistry",

year="2009",

volume="20",

number="5",

pages="825--838",

}



@article{KalinowskaLis2014394,
author = "U. Kalinowska-Lis and A. Felczak and L. Checinska and K. Lisowska and J. Ochocki",
journal = "Journal of Organometallic Chemistry ",
volume = "749",
pages = "394 - 399",
year = "2014",
}



@article{liu2014,
    author  = "Yingying Liu and Siu-Mui Ng and Shek-Man Yiu and W.W.W.Y.Lam and Xi-Guang Wei and Kai-Chung Lau and Tai-Chu Lau",
    journal = "Ang. Chem, Int.Ed.",
    volume  = "53",
    year    = "2014",
    pages   = "14468",
 }

@article{schmidt2010,
    author  = "R. D. Schmidt and D. A. Shultz and J. D. Martin and P. D. Boyle",
    journal = "J. Am. Chem. Soc.",
    volume  = "132",
    year    = "2010",
    pages   = "6261",
 }

 @article{KalinowskaLis20081328,
author = "U. Kalinowska-Lis and J. Ochocki and K. Matlawska-Wasowska",
journal = "Coordination Chemistry Reviews ",
volume = "252",
number = "12–14",
pages = "1328 - 1345",
year = "2008",
}

@article{monc2004,
    author  = "J. Moncol and M. Mudra and P. Lonnecke and M. Koman and M. Melnik",
    journal = "Journal of Chemical Crystallography",
    year  = "2004",
    pages   = "423--430",
volume="34"
,
number="7",
 }

@article{wong2015,
    author  = "V. H. L. Wong and A. J. P. White and T. S. Andy Hor and K. Kuok Hi",
    journal = "Adv. Synth. Catal.",
    volume  = "357",
    year    = "2015",
    pages   = "2485",
 }

@article{gosh2015,
    author  = "B. N. Gosh and D. Lentz and S. Schlecht",
    journal = "New J. Chem",
    volume  = "39",
    year    = "2015",
    pages   = "3536",
 }


@article{pieslinger2013,
    author  = "G. E. Pieslinger and P. Albores and L. D. Step and B. J. Coe and C. J. Timpson and L. M. Baraldo",
    journal = "Inorg. Chem.",
    volume  = "52",
    year    = "2013",
    pages   = "2906",
 }



@article{godbert2007,
    author  = "N. Godbert and T. Pugliese and I. Aiello and A. Bellusci and A. Crispini and M. Ghedini",
    journal = "Eur. J. Inorg. Chem.",
    volume  = "32",
    year    = "2007",
    pages   = "5105",
}


@article{saxena2015,
    author  = "P. Saxena and N. Thirupathi",
    journal = "Polyhedron",
    volume  = "98",
    year    = "2015",
    pages   = "238",
 }


@article{abourahma2003,
    author  = "H. Abourahma and G. J. McManus and B. Moulton and R. D. B. Walsh and M. J. Zaworotko",
    title   = "",
    journal = "Macromol. Symp.",
    volume  = "196",
    year    = "2003",
    pages   = "213",
 }


@article{hayes2015,
    author  = "T. R. Hayes and P. A. Lyon and C. L. Barnes and S. Trabue and P. D. Benny",
    title   = "",
    journal = "Inorg. Chem.",
    volume  = "54",
    year    = "2015",
    pages   = "1528",
 }

@article{follet2007,
    author  = "A. D. Follett. and K. A. McNabb and A. A. Peterson and J. D. Scanlon and C. J. Cramer and K. McNeill",
    title   = "",
    journal = "Inorg. Chem.",
    volume  = "46",
    year    = "2007",
    pages   = "1645",
 }
 

@article{ucar2015,
    author  = "I. Ucar and H. Vural and E. Kucuk",
    title   = "",
    journal = "Spectrochim. Acta Part A",
    volume  = "151",
    year    = "2015",
    pages   = "667",
 }

@article{canlier2010,
    author  = "A. Canlier and T. Kawasaki and S. Chowdhury and Y. Ikeda",
    title   = "",
    journal = "Inorg. Chim. Acta",
    volume  = "363",
    year    = "2010",
    pages   = "1",
 }

@article{perry2004,
    author  = "J. J. Perry and G. J. McManus and M. J. Zaworotko",
    title   = "",
    journal = "J. Chem. Cryst.",
    volume  = "34",
    year    = "2004",
    pages   = "877",
 }



@article{carlton2013,
    author  = "L. Carlton and L. V. Mokoena and M. A. Fernandes",
    title   = "",
    journal = "Magn. Reson. Chem.",
    volume  = "51",
    year    = "2013",
    pages   = "199",
 }

@article{dennehy2010,
    author  = "M. Dennehy and O. V. Quinzani and A. Granados and R. A.B urrow",
    title   = "",
    journal = "Polyhedron",
    volume  = "29",
    year    = "2010",
    pages   = "1344",
 }

@article{mantilli2012,
    author  = "L. Mantilli and D. Gerard and C. Besnard and C. Mazet",
    title   = "",
    journal = "Eur. J. Inorg. Chem.",
    volume  = "20",
    year    = "2012",
    pages   = "3320",
 }

@article{weilandt2012,
    author  = "T. Weilandt and N. L. Low and G. Schnakenburg and J. Daniels and M. Nieger and C. A. Schalley and A. Lutzen",
    title   = "",
    journal = "Chem. Eur. J.",
    volume  = "18",
    year    = "2012",
    pages   = "16665",
 }

@article{wakerley2014,
    author  = "D. W. Wakerley and E. Reisner",
    title   = "",
    journal = "Phys. Chem. Chem. Phys. (PCCP)",
    volume  = "16",
    year    = "2014",
    pages   = "5739",
 }



@article{zhao2010,
    author  = "Pu Su Zhao and Jie Song and Rong Chang Shangguan and Fang Fang Jian",
    title   = "",
    journal = "J. Serb. Chem. Soc.",
    volume  = "75",
    year    = "2010",
    pages   = "1219",
 }

@article{rahman2015,
    author  = "F.-U. Rahman and Amjad Ali, I. Khan and Rong Guo and Lan Chen and Hui Wang and Zhan-Ting Li and Yuejian Lin and Dan-Wei Zhang",
    title   = "",
    journal = "Polyhedron",
    volume  = "100",
    year    = "2015",
    pages   = "264",
 }


@article{maroszova2011,
    author  = "J. Maroszova and J. Moncol and Z. Padelkova and R. Sillanpaa, T. Lis and M. Koman",
    title   = "",
    journal = "Central Eur. J. Chem.",
    volume  = "9",
    year    = "2011",
    pages   = "453",
 }

@article{murugavel2006,
    author  = "R. Murugavel and S. Kuppuswamy and R. Boomishankar and A. Steiner",
    title   = "",
    journal = "Angew. Chem., Int. Ed.",
    volume  = "45",
number = "33",

    year    = "2006",
    pages   = "5536",
 }

@article{stamatatos2006,
    author  = "T. C. Stamatatos and D. Foguet-Albiol and S. P. Perlepes and C. P. Raptoppoulou and A. Terzis and C. S. Patricklos and G. Christou and A. J. Tasiopoulos",
    title   = "",
    journal = "Polyhedron",
    volume  = "25",
    year    = "2006",
    pages   = "1737",
 }

@article{ye2011,
    author  = "Qing-Song Ye and Jia-Lin Chen and Ming-Jin Xie and Wei-Ping Liu and Shui-Yan Yang",
    title   = "",
    journal = "Z. Kristallgr.-New Cryst. Struct.",
    volume  = "226",
    year    = "2011",
    pages   = "147",
 }

@article{escribano2013,
    author  = "E. Escribano and M. Font-Bardia and T. Calvet and J. Lorenzo and P. Gamez and V. Moreno",
    title   = "",
    journal = "Inorg. Chim. Acta",
    volume  = "394",
    year    = "2013",
    pages   = "65",
 }


@article{goher2008,
    author  = "M. A. S. Goher and F. A. Mautner and K. Gatterer and M.A.M. Abu-Youssef and A. M. A. Badr and B. Sodin and C. Gspan",
    title   = "",
    journal = "J. Mol. Struct.",
    volume  = "876",
    year    = "2008",
    pages   = "199",
 }


@article{deBoer2014,
    author  = "T. R. deBoer and I. Chakraborty and M. M. Olmstead and P.K. Mascharak",
    title   = "",
    journal = "Cryst. Growth Des.",
    volume  = "14",
    year    = "2014",
    pages   = "4901",
 }

@article{werner2015,
    author  = "J. Werner and C. Nather",
    title   = "",
    journal = "Polyhedron",
    volume  = "98",
    year    = "2015",
    pages   = "96",
 }

@article{moncol2004,
    author  = "J. Moncol and B. Kalinakova and J. Svorec and M. Kleinova and M. Koman and D. Hudecova and M. Melnik and M. Mazur and M. Valko",
    title   = "",
    journal = "Inorg. Chim. Acta",
    volume  = "357",
    year    = "2004",
    pages   = "3211",
 }

@article{klausmeyer2004,
    author  = "K. K. Klausmeyer and R. A. Adrian",
    title   = "",
    journal = "Acta Crystallogr., Sect. E: Struct. Rep. Online",
    volume  = "60",
    year    = "2004",
    pages   = "1414",
 }

@article{ramoslima2006,
    author  = "F. J. Ramos-Lima and O. Vrana and A. G. Quiroga and C. Navarro-Ranninger and A. Halamikova and H. Rybnickova and L. Hejmalova and V. Brabec",
    title   = "",
    journal = "J. Med. Chem.",
    volume  = "9",
    year    = "2006",
    pages   = "2640",
 }


@article{werneracta,
    author  = "J. Werner and I. Jess and C. Nather",
    title   = "",
    journal = "Acta Crystallogr., Sect. E: Cryst Commun",
    volume  = "73",
    year    = "2015",
    pages   = "616--619",
 }

@article{hoang1993,
    author  = "N. N. Hoang and F. Valach and M. Melnik",
    title   = "",
    journal = "Acta Crystallogr., Sect. C: Cryst. Struct. Commun",
    volume  = "49",
    year    = "1993",
    pages   = "467",
 }


@article{moncol2008,
    author  = "J. Moncol and J. Maroszova and M. Koman and M. Melnik and M. Valko and M. Mazur and T. Lis",
    title   = "",
    journal = "J. Coord. Chem.",
    volume  = "61",
    year    = "2008",
    pages   = "3740",
 }


@article{chechova2015,
    author  = "D. Chechova and I. Svoboda and K. Jomova and Z. Ruzickova and M. Valko and J.Moncol",
    title   = "",
    journal = "Transition Met. Chem.",
    volume  = "40",
    year    = "2015",
    pages   = "857",
 }

@article{bragg,
    author  = "W. L. Bragg",
    title   = "",
    journal = "Proc. Cambridge Phil. Soc.",
    volume  = "17",
    year    = "1913",
    pages   = "43",
 }

@book{krischner,
    author    = "H. Krischner",
    title     = "Einführung in die Röntgenfeinstrukturanalyse",
    publisher = "Vieweg+Teubner Verlag",
    year      = "1990",
pages = "102--150",
volume = "2",
    %month    = "",
    %note     = "",
}

@article{bravais,
    author  = "M. A. Bravais",
    title   = "",
    journal = "J. de lecole Polyt.",
    volume  = "XIX",
    year    = "1859",
    pages   = "1",
pagination = {none}
 }

@book{massa,
    author    = "W. Massa",
    title     = "Kristallstrukturbestimmung",
    publisher = "Springer",
    address = "Wiesbaden",
    year      = "2015",
    edition    = "8",
    isbn     = "978-3-658-09411-9",

}


@article{patterson,
    author  = "A. L. Patterson",
    title   = "",
    journal = "Phys. Rev.",
    volume  = "46",
    year    = "1934",
    pages   = "372",
 }


@article{han2015,
    author  = "S.-D. Han and J.-P. Zhao and S.-J. Liu and X.-H. Bu",
    title   = "",
    journal = "Coordination Chemistry Reviews",
    volume  = "289-290",
    year    = "2015",
    pages   = "32-48",
 }

@article{fam,
    author  = "F. A. Mautner and M. Scherzer and C. Berger and R. C. Fischer and S. S. Massoud",
    title   = "",
    journal = "Polyhedron",
    volume  = "85",
    year    = "2015",
    pages   = "20--26",
 }


@article{mueller,
    author  = "U. Müller",
    title   = "",
    journal = "Struct. Bonding",
    volume  = "14",
    year    = "1973",
    pages   = "141",
 }

@inbook{guy1977,
author = "R. G. Guy",

title = "Syntheses and preparative applications of thiocyanates",

publisher = "John Wiley \& Sons Ltd.",

pages = "819--886",

booktitle = "Cyanates and Their Thio Derivatives: Volume 2",
year = "1977",
}



@article{wal83,
    author    = "N. Walker and D. Stuart",
    journal   = "Acta Crytallogr.",
    number   = "A39",
    pages    = "158",
    year      = "1983",
}


@book{riedel,
  
title={Anorganische Chemie, 7.Auflage},
  
author={Riedel, E. and Janiak, C.},
  
isbn={978-3-11-018903-2},
  
series={De Gruyter Studium},
  

year={2007},
  
publisher={De Gruyter}
}
,
pages "683--684",
}

@manual{apex,
title = "APEX and SAINT, Area Detector Software package and AXS Area Detector integration program, Bruker Analytical X-ray, Madison, WI",
year = "1997",
  }

@article{shelxtl,
author = "G. Sheldrick",
journal = "Acta Cryst., Sect. A",
number = "64",
pages = "112",
year = "2008", }

@manual{opus,
title = "OPUS-software, Vers. 5, Bruker Optics, Billerica, MA, US",
}

@manual{uvwin,
title = "UVWin Lab software, Version 5.1; Perkin Elmer LAS, Rodgau - Germany",
year = "2005", }

@manual{platon,
title = "PLATON, A Multipurpose Crystallographic tool",
author = "A. L. Spek",
year = "2005",
address = "Utrecht University, Utrecht, Netherlands", }

@manual{laue,
title = "SADABS, AXS Area Detector Absorption program, Bruker Analytical X-ray, Madison, WI",
year = "1997"}



@misc{tansug,
author = "E. Sarina and U. C. Davis",
title = "Tanabe-Sugano Diagram",
howpublished = "\url{http://chemistry.bd.psu.edu/jircitano/TSdiagram.pdf}",
year = "2016",
month = "6",

}

@article{harker48,
author = "D. Harker and J. S. Kasper",
journal = "Acta Crystallogr.",
number = "1",
pages = "70",
year = "1948", }



@article{sayre,
author = "D. Sayre",
journal = "Acta Crystallogr.",
number = "5",
pages = "60",
year = "1952", }


@article{wilson,
author = "A. J. C. Wilson",
journal = "Acta Crystallogr.",
volume = "2",
pages = "318",
year = "1949", }



@article{ccdc,
author = "C. R. Groom and I. J. Bruno and M. P. Lightfoot and S.C. Ward",
title = "The Cambridge Structural Database",
journal = "Acta Crystallogr.",
volume = "B72",
pages = "171--179",
year = "2016",
doi = "10.1107/S2052520616003954",}


@book{kazuo,
author = "K. Nakamoto",
title = "Infrared and Raman spectra of inorganic and coordination compounds",
publisher = "John Wiley and Sons, Inc",
year = "1986",
pages = "282-291",

}




@article{debye,
author = "P. Debye",
title = "",
journal = "Annalen der Physik",
number = "348",
pages = "49-92",
year = "1913",
doi = "10.1002/andp.19133480105",}


@article{waller,
   author = "{Waller}, I.",
 
  journal = "Zeitschrift fur Physik",
     year = "1923",
    month = "dec",
   volume = "17",
    pages = "398-408",
      doi = "10.1007/BF01328696",
  
}


@article{berry,
   author = "R. S. Berry",
 
  journal = "J. Chem. Physics",
     year = "1960",
   
   volume = "32",
    pages = "933-328",
      doi = "10.1063/1.1730820",
  
}

@article{addison,
author = "A. W. Addison and R. Addison and T. Nageswara and J. Reedijk and J. van Rijn and G. C. Verschoor",

journal  = "J. Chem. Soc.{,} Dalton Trans.",
year  = "1984",
volume  = "7",
pages  = "1349--1356",
publisher  = "The Royal Society of Chemistry",
doi  = "10.1039/DT9840001349",}




@book{holub,
  
title={Chemistry of pseudohalides},
  
author={Holub, A.M. and K{\"o}hler, H. and Skopenko, V.V.},

isbn={9780444416261},
  
lccn={85020699},
  
series={Topics in inorganic and general chemistry},
  
url={https://books.google.at/books?id=n-CFAAAAIAAJ},
  
year={1986},
  
publisher={Elsevier},

pages = "15-453",
}



@book{joule,
  
title={Heterocyclic Chemistry},
  
author={Joule, J.A. and Mills, K.},
  
isbn={9781405193658},
  
lccn={2009028759},
  
url={https://books.google.at/books?id=cwe-Ebc64bkC},
  
year={2010},
  
publisher={John Wiley \& Sons},
pages = "7",
}



@book{joule1,
  
title={Heterocyclic Chemistry},
  
author={Joule, J.A. and Mills, K.},
  
isbn={9781405193658},
  
lccn={2009028759},
  
url={https://books.google.at/books?id=cwe-Ebc64bkC},
  
year={2010},
  
publisher={John Wiley \& Sons},
pages = "125-141",
}



@misc{sigma,
title = "4-Pyridinemethanol",
howpublished = "\url{http://www.sigmaaldrich.com/catalog/product/aldrich/151629?lang=de&region=AT}",
 
}

@misc{sigma2,
title = "4-Methoxypyridine",
howpublished = "\url{http://www.sigmaaldrich.com/catalog/product/aldrich/460621?lang=de&region=AT}",
}



@article{racah,
  title = {Theory of Complex Spectra. II},
  author = {Racah, Giulio},
  journal = {Phys. Rev.},
  volume = {62},
  issue = {9-10},
  pages = {438--462},
  numpages = {0},
  year = {1942},
  month = {Nov},
  publisher = {American Physical Society},
  doi = {10.1103/PhysRev.62.438},
  url = {https://link.aps.org/doi/10.1103/PhysRev.62.438}
}

